@inproceedings{Decker2015fast,
  author       = {Christian Decker and
                  Roger Wattenhofer},
  editor       = {Andrzej Pelc and
                  Alexander A. Schwarzmann},
  title        = {A Fast and Scalable Payment Network with Bitcoin Duplex Micropayment
                  Channels},
  booktitle    = {Stabilization, Safety, and Security of Distributed Systems - 17th
                  International Symposium, {SSS} 2015, Edmonton, AB, Canada, August
                  18-21, 2015, Proceedings},
  series       = {Lecture Notes in Computer Science},
  volume       = {9212},
  pages        = {3--18},
  publisher    = {Springer},
  year         = {2015},
  howpublished = {\url{https://doi.org/10.1007/978-3-319-21741-3\_1}},
  doi          = {10.1007/978-3-319-21741-3\_1},
  timestamp    = {Tue, 16 Aug 2022 23:04:25 +0200},
  biburl       = {https://dblp.org/rec/conf/sss/DeckerW15.bib},
  bibsource    = {dblp computer science bibliography, https://dblp.org}
}

@misc{lightning-network-paper,
	author=	{Joseph Poon and Thaddeus Dryja},
	title=	{{The Bitcoin Lightning Network: Scalable Off-Chain Instant Payments}},
	month=	{January},
	year=	{2016},
  howpublished = {\url{https://lightning.network/lightning-network-paper.pdf}}
}

@misc{hashcash,
	author = {Adam Back},
	title = {{Hashcash - A Denial of Service Counter-Measure}},
	year = 2002,
	month = {August},
	howpublished = {\url{http://www.hashcash.org/papers/hashcash.pdf}},
}

@misc{lightning-bolts,
	author = {Lightning Community},
	title = {{Lightning Network Specification}},
	howpublished = {\url{https://github.com/lightning/bolts}},
}

@misc{visa-sheet,
	author = {Visa},
	title = {{Fact Sheet}},
	howpublished = {\url{https://www.visa.co.uk/dam/VCOM/download/corporate/media/visanet-technology/aboutvisafactsheet.pdf}},
}

@misc{payment-channels-satoshi,
	author = {Mike Hearn},
	title = {{[Bitcoin-development] Anti DoS for tx replacement}},
	howpublished = {\url{https://lists.linuxfoundation.org/pipermail/bitcoin-dev/2013-April/002417.html}},
}

@misc{bitcoinj-impl,
	author = {bitcoinj},
	title = {{bitcoinj is a library for working with the Bitcoin protocol}},
	howpublished = {\url{https://bitcoinj.org/}},
}

@misc{bip65,
	author = {Peter Todd},
	title = {{Bitcoin Improvement Proposals 65}},
	howpublished = {\url{https://github.com/bitcoin/bips/blob/master/bip-0065.mediawiki}},
}

@misc{bip68,
	author = {Mark Friedenbach, BtcDrak, Nicolas Dorier & kinoshitajona},
	title = {{Bitcoin Improvement Proposals 68}},
	howpublished = {\url{https://github.com/bitcoin/bips/blob/master/bip-0068.mediawiki}},
}

@misc{bip118,
	author = {Christian Decker, Anthony Towns},
	title = {{Bitcoin Improvement Proposals 119}},
	howpublished = {\url{https://github.com/bitcoin/bips/blob/master/bip-0118.mediawiki}},
}

@misc{bip141,
	author = {Eric Lombrozo, Johnson Lau, Pieter Wuille},
	title = {{Bitcoin Improvement Proposals 141}},
	howpublished = {\url{https://github.com/bitcoin/bips/blob/master/bip-0141.mediawiki}},
}

@misc{bolt2,
  author = {Lightning Network Community},
  title = {{Basis of Lightning Technology 2}},
  howpublished = {\url{https://github.com/lightning/bolts/blob/master/02-peer-protocol.md}},
}

@misc{eltoo,
  author = {Christian Decker, Rusty Russell and Olaoluwa Osuntokun},
  title = {{eltoo: A Simple Layer2 Protocol for Bitcoin}},
  howpublished = {\url{https://blockstream.com/eltoo.pdf}},
}

@inproceedings{sphinx,
  author       = {George Danezis and
                  Ian Goldberg},
  title        = {Sphinx: {A} Compact and Provably Secure Mix Format},
  booktitle    = {30th {IEEE} Symposium on Security and Privacy (S{\&}P 2009), 17-20
                  May 2009, Oakland, California, {USA}},
  pages        = {269--282},
  publisher    = {{IEEE} Computer Society},
  year         = {2009},
  url          = {https://doi.org/10.1109/SP.2009.15},
  doi          = {10.1109/SP.2009.15},
  timestamp    = {Fri, 24 Mar 2023 00:03:10 +0100},
  biburl       = {https://dblp.org/rec/conf/sp/DanezisG09.bib},
  bibsource    = {dblp computer science bibliography, https://dblp.org}
}

@article{nakamoto2009bitcoin,
  title={Bitcoin: A peer-to-peer electronic cash system},
  author={Nakamoto, Satoshi},
  journal={Decentralized business review},
  pages={21260},
  year={2008}
}

@misc{back2002hashcash,
  author = {Adam Back and others},
  title = {Hashcash-a denial of service counter-measure},
  year = {2002},
  note = {Accessed: 2016-03-09},
  howpublished = {\url{http://www.hashcash.org/papers/hashcash.pdf}},
}

@misc{Palazzo_Estrazione_di_Informazioni_2021,
  author = {Vincenzo Palazzo and Carlo Sartiani},
  doi = {10.0000/00000},
  journal = {University of Basilicata thesis},
  month = {12},
  title = {{Estrazione di Informazioni dalla Blockchain di Bitcoin}},
  year = {2019},
  howpublished = {\url{https://github.com/vincenzopalazzo/SpyCBlockThesis/releases/download/v0.2.5/VincenzoPalazzo_Tesi.pdf}}
}

@misc{learnmeabitcoin:p2ms,
	author = "Greg Walker",
	title = "{Pay To Multisig}",
	howpublished = {\url{https://learnmeabitcoin.com/glossary/p2ms}},
}

@misc{lngossip,
  title = {Lightning Network Research Topology Datasets},
  author = {Decker, Christian},
  howpublished = {\url{https://github.com/lnresearch/topology}},
  note = {Accessed: 2020-10-01},
  doi = {10.5281/zenodo.4088530}
}

@article{DBLP:journals/corr/abs-2002-02819,
  author       = {Jian{-}Hong Lin and
                  Kevin Primicerio and
                  Tiziano Squartini and
                  Christian Decker and
                  Claudio J. Tessone},
  title        = {Lightning Network: a second path towards centralisation of the Bitcoin
                  economy},
  journal      = {CoRR},
  volume       = {abs/2002.02819},
  year         = {2020},
  url          = {https://arxiv.org/abs/2002.02819},
  eprinttype    = {arXiv},
  eprint       = {2002.02819},
  timestamp    = {Mon, 10 Feb 2020 15:12:57 +0100},
  biburl       = {https://dblp.org/rec/journals/corr/abs-2002-02819.bib},
  bibsource    = {dblp computer science bibliography, https://dblp.org}
}

@inproceedings{DBLP:conf/icdcn/ZabkaF0D21,
  author       = {Philipp Zabka and
                  Klaus{-}Tycho F{\"{o}}rster and
                  Stefan Schmid and
                  Christian Decker},
  title        = {Node Classification and Geographical Analysis of the Lightning Cryptocurrency
                  Network},
  booktitle    = {{ICDCN} '21: International Conference on Distributed Computing and
                  Networking, Virtual Event, Nara, Japan, January 5-8, 2021},
  pages        = {126--135},
  publisher    = {{ACM}},
  year         = {2021},
  url          = {https://doi.org/10.1145/3427796.3427837},
  doi          = {10.1145/3427796.3427837},
  timestamp    = {Fri, 05 Feb 2021 10:38:29 +0100},
  biburl       = {https://dblp.org/rec/conf/icdcn/ZabkaF0D21.bib},
  bibsource    = {dblp computer science bibliography, https://dblp.org}
}

@inproceedings{DBLP:conf/networking/PietrzakS0Y21,
  author       = {Krzysztof Pietrzak and
                  Iosif Salem and
                  Stefan Schmid and
                  Michelle Yeo},
  editor       = {Zheng Yan and
                  Gareth Tyson and
                  Dimitrios Koutsonikolas},
  title        = {LightPIR: Privacy-Preserving Route Discovery for Payment Channel Networks},
  booktitle    = {{IFIP} Networking Conference, {IFIP} Networking 2021, Espoo and Helsinki,
                  Finland, June 21-24, 2021},
  pages        = {1--9},
  publisher    = {{IEEE}},
  year         = {2021},
  url          = {https://doi.org/10.23919/IFIPNetworking52078.2021.9472205},
  doi          = {10.23919/IFIPNetworking52078.2021.9472205},
  timestamp    = {Sat, 09 Apr 2022 12:39:41 +0200},
  biburl       = {https://dblp.org/rec/conf/networking/PietrzakS0Y21.bib},
  bibsource    = {dblp computer science bibliography, https://dblp.org}
}

@misc{lnbook,
  title = {Mastering the Lightning Network},
  author = {Andreas M. Antonopoulos, Olaoluwa Osuntokun, Rene Pickhardt},
  howpublished = {\url{https://github.com/lnbook/lnbook}},
}

@misc{clboss,
  title = {Automated Core Lightning Node Manager},
  author = {ZmnSCPxj},
  howpublished = {\url{https://github.com/ZmnSCPxj/clboss}},
}

@misc{lnmetrics_localreputation,
  title = {Local Reputation},
  author = {Vincenzo Palazzo},
  howpublished = {\url{https://github.com/LNOpenMetrics/lnmetrics.rfc/blob/main/metrics/metric_1.md}},
}

@article{DBLP:journals/corr/abs-2103-08576,
  author       = {Rene Pickhardt and
                  Sergei Tikhomirov and
                  Alex Biryukov and
                  Mariusz Nowostawski},
  title        = {Security and Privacy of Lightning Network Payments with Uncertain
                  Channel Balances},
  journal      = {CoRR},
  volume       = {abs/2103.08576},
  year         = {2021},
  url          = {https://arxiv.org/abs/2103.08576},
  eprinttype    = {arXiv},
  eprint       = {2103.08576},
  timestamp    = {Tue, 23 Mar 2021 16:29:47 +0100},
  biburl       = {https://dblp.org/rec/journals/corr/abs-2103-08576.bib},
  bibsource    = {dblp computer science bibliography, https://dblp.org}
}

@article{cryptoeprint:2022/1454,
  author       = {Clara Shikhelman and
                  Sergei Tikhomirov},
  title        = {Unjamming Lightning: {A} Systematic Approach},
  journal      = {{IACR} Cryptol. ePrint Arch.},
  pages        = {1454},
  year         = {2022},
  url          = {https://eprint.iacr.org/2022/1454},
  timestamp    = {Wed, 23 Nov 2022 17:31:07 +0100},
  biburl       = {https://dblp.org/rec/journals/iacr/ShikhelmanT22.bib},
  bibsource    = {dblp computer science bibliography, https://dblp.org}
}

@misc{jsonrpc,
  title = {{JSON-RPC 2.0 Specification}},
  howpublished = {\url{https://www.jsonrpc.org/specification}},
}

@misc{gojson,
  title = {Fast JSON encoder/decoder compatible with encoding/json for Go},
  author = {Masaaki Goshima},
  howpublished = {\url{https://github.com/goccy/go-json}},
}

@misc{gqlgen,
  title = {gqlgen is a Go library for building GraphQL servers without any fuss.},
  author = {99designs},
  howpublished = {\url{https://github.com/99designs/gqlgen}},
}

@misc{graphql,
  title = {GraphQL is a query language for APIs.},
  author = {Facebook/Meta},
  howpublished = {\url{https://graphql.org}},
}

@misc{glightning,
  title = {A Golang driver for c-lightning. Includes both an RPC client and plugin framework.},
  author = {Neil Saitug},
  howpublished = {\url{https://github.com/niftynei/glightning}},
}

@misc{tor,
  title = {Tor Network},
  howpublished = {\url{https://2019.www.torproject.org/about/overview.html.en}},
}

@misc{lnmetrics-client,
  title = {Reference implementation written in Go to collect and report of the lightning node metrics},
  author = {Vincenzo Palazzo},
  howpublished = {\url{https://github.com/LNOpenMetrics/go-lnmetrics.reporter}},
}

@misc{lnmetrics-server,
  title = {A Graph QL server that is used to report the metrics of each lightning node},
  author = {Vincenzo Palazzo},
  howpublished = {\url{https://github.com/LNOpenMetrics/lnmetrics.server}},
}

@misc{lnmetrics-rfc,
  title = {Lightning Network Open Metrics Specification},
  author = {Vincenzo Palazzo},
  howpublished = {\url{https://github.com/LNOpenMetrics/lnmetrics.rfc}},
}

@misc{lnmetrics-jupyter,
  title = {An initial analysis was conducted for the proposed RFC on the Local Reputation for Peer/Channel scoring metric.},
  author = {Vincenzo Palazzo},
  howpublished = {\url{https://github.com/LNOpenMetrics/local-reputation-analysis}},
}

@misc{lightning-network-ml-post-on-jamming,
  title = {HTLC Endorsement for Jamming Mitigation},
  author = {Vincenzo Palazzo, Carla Kirk-Cohen},
  howpublished = {\url{https://lists.linuxfoundation.org/pipermail/lightning-dev/2023-May/003959.html}},
}
